@article{solorzano2002critical,
  title={A Critical Race Analysis of Advanced Placement classes: A case of educational inequality},
  author={Solorzano, Daniel G and Ornelas, Armida},
  journal={Journal of Latinos and Education},
  volume={1},
  number={4},
  pages={215--229},
  year={2002},
  publisher={Taylor \& Francis}
}

@article{klugman2012resource,
  title={How resource inequalities among high schools reproduce class advantages in college destinations},
  author={Klugman, Joshua},
  journal={Research in Higher Education},
  volume={53},
  pages={803--830},
  year={2012},
  publisher={Springer}
}

@article{valadez2002influence,
  title={The influence of social capital on mathematics course selection by \uppercase{L}atino high school students},
  author={Valadez, James R},
  journal={Hispanic Journal of Behavioral Sciences},
  volume={24},
  number={3},
  pages={319--339},
  year={2002},
  publisher={Sage Publications Sage CA: Thousand Oaks, CA}
}

@article{flores2007examining,
  title={Examining disparities in mathematics education: Achievement gap or opportunity gap?},
  author={Flores, Alfinio},
  journal={The High School Journal},
  volume={91},
  number={1},
  pages={29--42},
  year={2007},
  publisher={JSTOR}
}

@article{milner2012beyond,
  title={Beyond a test score: Explaining opportunity gaps in educational practice},
  author={Milner IV, H Richard},
  journal={Journal of Black Studies},
  volume={43},
  number={6},
  pages={693--718},
  year={2012},
  publisher={Sage Publications Sage CA: Los Angeles, CA}
}

@article{campbell2012colored,
  title={For colored girls? {F}actors that influence teacher recommendations into advanced courses for black girls},
  author={Campbell, Shanyce L},
  journal={The Review of Black Political Economy},
  volume={39},
  number={4},
  pages={389--402},
  year={2012},
  publisher={SAGE Publications Sage CA: Los Angeles, CA}
}

@article{colgren2015closing,
  title={Closing the Achievement Gap Means Transformation.},
  author={Colgren, Chris and Sappington, Neil E},
  journal={Education Leadership Review of Doctoral Research},
  volume={2},
  number={1},
  pages={24--33},
  year={2015},
  publisher={ERIC}
}

@article{cisneros2014advanced,
  title={The Advanced Placement opportunity gap in {A}rizona: Access, participation, and success},
  author={Cisneros, Jesus and Gomez, Laura M and Corley, Kathleen M and Powers, Jeanne M},
  journal={AASA Journal of Scholarship and Practice},
  volume={11},
  number={2},
  pages={20--28},
  year={2014}
}

@article{hess2011our,
  title={Our achievement-gap mania},
  author={Hess, Frederick M},
  journal={National Affairs},
  volume={9},
  number={1},
  pages={13--129},
  year={2011}
}

% article{johnson2012academic,
  title={The academic opportunity gap: How racism and stereotypes disrupt the education of African American undergraduates},
  author={Johnson-Ahorlu, Robin Nicole},
  journal={Race Ethnicity and Education},
  volume={15},
  number={5},
  pages={633--652},
  year={2012},
  publisher={Taylor \& Francis}
}

@article{santoli2002there,
  title={Is there an Advanced Placement advantage?},
  author={Santoli, Susan P},
  journal={American Secondary Education},
  pages={23--35},
  year={2002},
  publisher={JSTOR}
}

@article{gamoran2000algebra,
  title={Algebra for everyone? {B}enefits of college-preparatory mathematics for students with diverse abilities in early secondary school},
  author={Gamoran, Adam and Hannigan, Eileen C},
  journal={Educational Evaluation and Policy Analysis},
  volume={22},
  number={3},
  pages={241--254},
  year={2000},
  publisher={Sage Publications}
}

@article{oakes2008keeping,
  title={Keeping track: Structuring equality and inequality in an era of accountability},
  author={Oakes, Jeannie},
  journal={Teachers College Record},
  volume={110},
  number={3},
  pages={700--712},
  year={2008},
  publisher={SAGE Publications Sage CA: Los Angeles, CA}
}

@article{byun2015advanced,
  title={Advanced math course taking: Effects on math achievement and college enrollment},
  author={Byun, Soo-yong and Irvin, Matthew J and Bell, Bethany A},
  journal={The Journal of Experimental Education},
  volume={83},
  number={4},
  pages={439--468},
  year={2015},
  publisher={Taylor \& Francis}
}

% article{joensen2009there,
  title={Is there a causal effect of high school math on labor market outcomes?},
  author={Joensen, Juanna Schr{\o}ter and Nielsen, Helena Skyt},
  journal={Journal of Human Resources},
  volume={44},
  number={1},
  pages={171--198},
  year={2009},
  publisher={University of Wisconsin Press}
}

@article{wilkins2006yes,
  title={Yes we can: Telling truths and dispelling myths about race and education in {A}merica},
  author={Wilkins, Amy and Staff, Education Trust},
  journal={The Education Trust},
  year={2006}
}

@book{whither_opportunity,
  title={Whither Opportunity?: Rising Inequality, Schools, and Children's Life Chances},
  author={Duncan, Greg J. and Murnane, Richard J.},
  year={2011},
  publisher={Russell Sage Foundation},
  address={New York}
}

@book{monitoring_school_quality,
  title={Monitoring School Quality: An Indicators Report, NCES 2001-030},
  author={{Mayer, Daniel P., Mullens, John E. and Moore, Mary T.}},
  year={2000},
  publisher={{National Center for Education Statistics}},
  address={{Washington, DC}},
  note={Retrieved February 22, 2024 from https://nces.ed.gov/pubs2001/2001030.pdf}
}

@article{roza2004within,
  title={How within-district spending inequities help some schools to fail},
  author={Roza, Marguerite and Hill, Paul T and Sclafani, Susan and Speakman, Sheree},
  journal={Brookings papers on education policy},
  number={7},
  pages={201--227},
  year={2004},
  publisher={JSTOR}
}

@article{wiener2007opportunity,
  title={Opportunity gaps: The injustice underneath achievement gaps in our public schools},
  author={Wiener, Ross},
  journal={N.C. L. Rev.},
  volume={85},
  pages={1315},
  year={2007},
  note={Retrieved February 22, 2024 from https://scholarship.law.unc.edu/nclr/vol85/iss5/4}
}

% article{fine2003rethinking,
  title={Rethinking accountability},
  author={Fine, M and Bloom, J and Chajet, L},
  journal={Retrieved March},
  volume={11},
  pages={2007},
  year={2003}
}

@article{noguera2003schools,
  title={Schools, prisons, and social implications of punishment: Rethinking disciplinary practices},
  author={Noguera, Pedro A},
  journal={Theory into practice},
  volume={42},
  number={4},
  pages={341--350},
  year={2003},
  publisher={Taylor \& Francis}
}

@article{ladson2006achievement,
  title={From the achievement gap to the education debt: Understanding achievement in {US} schools},
  author={Ladson-Billings, Gloria},
  journal={Educational researcher},
  volume={35},
  number={7},
  pages={3--12},
  year={2006},
  publisher={Sage Publications}
}

@book{curtis2002learning,
  title={Learning and understanding: Improving advanced study of mathematics and science in US high schools},
  author={Curtis, Philip C and Labov, Jay B and Bertenthal, Meryl W and Gollub, Jerry P},
  year={2002},
  publisher={National Academies Press}
}

@article{long2012effects,
  title={Effects of high school course-taking on secondary and postsecondary success},
  author={Long, Mark C and Conger, Dylan and Iatarola, Patrice},
  journal={American Educational Research Journal},
  volume={49},
  number={2},
  pages={285--322},
  year={2012},
  publisher={Sage Publications Sage CA: Los Angeles, CA}
}

@article{ackerman2013high,
  title={High school advanced placement and student performance in college: {STEM} majors, non-{STEM} majors, and gender differences},
  author={Ackerman, Phillip L and Kanfer, Ruth and Calderwood, Charles},
  journal={Teachers College Record},
  volume={115},
  number={10},
  pages={1--43},
  year={2013},
  publisher={SAGE Publications Sage CA: Los Angeles, CA}
}

@article{gurantz2021college,
  title={How college credit in high school impacts postsecondary course-taking: The role of {A}dvanced {P}lacement exams},
  author={Gurantz, Oded},
  journal={Education Finance and Policy},
  volume={16},
  number={2},
  pages={233--255},
  year={2021},
  publisher={MIT Press One Rogers Street, Cambridge, MA 02142-1209, USA journals-info~â€¦}
}

@online{apreport,
  title={The 10th Annual {AP} Report to the Nation},
  author={{The College Board}},
  note={Accessed on March 7, 2024. https://secure-media.collegeboard.org/digitalServices/pdf/ap/rtn/10th-annual/10th-annual-ap-report-to-the-nation-single-page.pdf}
}

@online{collegeoutcomescomparison,
  title={College Outcomes Comparisons by {AP} and {N}on-{AP} High School Experiences},
  author={{The College Board}},
  note={Accessed on March 7, 2024. https://files.eric.ed.gov/fulltext/ED561030.pdf}
}

@online{apreport23,
  title={{AP} Program Results: Class of 2023},
  author={{The College Board}},
  note={{Accessed on March 7, 2024. https://reports.collegeboard.org/ap-program-results/class-of-2023}}
}

@online{crdc_manual,
  title={\MakeUppercase{2017-18 CRDC Public-Use Data File Manual}},
  author={Office for Civil Rights (U.S. Department of Education)},
  note={Accessed on March 14, 2024. https://civilrightsdata.ed.gov/assets/for-researchers/user-manual/2017-18\%20CRDC\%20Public-Use\%20Data\%20File\%20Manual.pdf}
}

@book{carter2013closing,
  title={Closing the opportunity gap: What America must do to give every child an even chance},
  author={Carter, Prudence L and Welner, Kevin G},
  year={2013},
  publisher={Oxford University Press, USA}
}

@book{orfield2006vicious,
  title={The vicious cycle: Segregated housing, schools and intergenerational inequality},
  author={Orfield, Gary and McArdle, Nancy},
  year={2006},
  publisher={Joint Center for Housing Studies, Harvard University}
}

@incollection{lareau2018unequal,
  title={Unequal childhoods: Class, race, and family life},
  author={Lareau, Annette},
  booktitle={Inequality in the 21st Century},
  pages={444--451},
  year={2018},
  publisher={Routledge}
}

@article{iatarola2011determinants,
  title={Determinants of high schools' advanced course offerings},
  author={Iatarola, Patrice and Conger, Dylan and Long, Mark C},
  journal={Educational Evaluation and Policy Analysis},
  volume={33},
  number={3},
  pages={340--359},
  year={2011},
  publisher={Sage Publications Sage CA: Los Angeles, CA}
}

@article{geiser2004role,
  title={The role of Advanced Placement and honors courses in college admissions},
  author={Geiser, Saul and Santelices, Veronica},
  journal={Research \& Occasional Paper Series: CSHE 4.04. Berkeley: Center for Studies in Higher Education},
  year={2004}
}

@website{texas_legislation,
  title={House Bill 588},
  howpublished={\url{https://capitol.texas.gov/tlodocs/75R/billtext/html/HB00588F.htm}},
  note={Accessed on April 10, 2024}
}

@incollection{pattillo2018black,
  title={Black picket fences: Privilege and peril among the black middle class},
  author={Pattillo, Mary},
  booktitle={Inequality in the 21st Century},
  pages={336--338},
  year={2018},
  publisher={Routledge}
}

@article{diyanni2002origins,
  title={The Origins and Development of the {AP}, the College Board's Advanced Placement Program: Part {I}, American Beginnings and American Successes.},
  author={DiYanni, Robert},
  journal={International Schools Journal},
  volume={22},
  number={1},
  pages={31--42},
  year={2002},
  publisher={ERIC}
}

@misc{utsa_about,
  author       = {University of Texas at San Antonio},
  title        = {About \uppercase{UTSA}},
  note         = {Accessed on March 14, 2024. https://www.utsa.edu/about/}
}

@misc{saipe_about,
  author       = {U.S. Census Bureau},
  title        = {\MakeUppercase{About the Small Area Income and Poverty Estimates (SAIPE) Program}},
  note         = {Accessed on March 14, 2024. https://www.census.gov/programs-surveys/saipe/about.html}
}

@misc{saipe_2017_school_districts,
  author       = {U.S. Census Bureau},
  title        = {\MakeUppercase{2017 Small Area Income and Poverty Estimates (SAIPE) for School Districts}},
  note         = {Accessed on March 14, 2024. https://www.census.gov/data/datasets/2017/demo/saipe/2017-school-districts.html}
}

@book{keith-spiegel_wiederman_2000,
  author={Patricia Keith-Spiegel and Michael W. Wiederman},
  title={The Complete Guide to Graduate School Admission},
  edition={2nd},
  year={2000},
  publisher={Psychology Press},
  isbn={9781410604880},
  pages={60-68}
}

@book{hanushek2009schoolhouses,
  title={Schoolhouses, courthouses, and statehouses: Solving the funding-achievement puzzle in America's public schools},
  author={Hanushek, Eric A and Lindseth, Alfred A},
  year={2009},
  publisher={Princeton University Press}
}

@newspaper{texas_tribune_school_funding,
  title={\MakeUppercase{"Texas' school finance system is unpopular and complex. Here's how it works,"} \textit{\uppercase{T}he \uppercase{T}exas \uppercase{T}ribune}, \uppercase{F}ebruary 15, 2019},
  author={Swaby, Aliya},
  note={Accessed on July 14, 2024. https://www.texastribune.org/2019/02/15/texas-school-funding-how-it-works/}
}

@newspaper{texas_standard_school_funding,
  title={\MakeUppercase{"Why Texas School Funding Still Isnâ€™t Fair,"} \textit{\uppercase{T}exas \uppercase{S}tandard}, \uppercase{O}ctober 20, 2023},
  author={Phillips, Camille},
newspaper = {Texas Standard},
  note={Accessed on July 14, 2024. https://www.texasstandard.org/stories/texas-public-school-funding-system-recapture-robin-hood/}
}
